<?xml version="1.0" encoding="UTF-8"?><record xmlns="http://www.loc.gov/MARC21/slim" xmlns:cinclude="http://apache.org/cocoon/include/1.0" xmlns:zs="http://www.loc.gov/zing/srw/">
  <leader>00511nz  a2200145n  4500</leader>
  <controlfield tag="001">no2008057417</controlfield>
  <controlfield tag="003">DLC</controlfield>
  <controlfield tag="005">20080417080957.0</controlfield>
  <controlfield tag="008">080408n| acannaabn          |a aaa     c</controlfield>
  <datafield tag="010" ind1=" " ind2=" ">
    <subfield code="a">no2008057417</subfield>
  </datafield>
  <datafield tag="035" ind1=" " ind2=" ">
    <subfield code="a">(OCoLC)oca07735548</subfield>
  </datafield>
  <datafield tag="040" ind1=" " ind2=" ">
    <subfield code="a">NjP</subfield>
    <subfield code="b">eng</subfield>
    <subfield code="c">NjP</subfield>
  </datafield>
  <datafield tag="100" ind1="1" ind2=" ">
    <subfield code="a">Kasti︠u︡nin, S. A.</subfield>
    <subfield code="q">(Sergeĭ Alekseevich)</subfield>
  </datafield>
  <datafield tag="400" ind1="1" ind2=" ">
    <subfield code="a">Kasti︠u︡nin, Sergeĭ Alekseevich</subfield>
  </datafield>
  <datafield tag="670" ind1=" " ind2=" ">
    <subfield code="a">Kratkiĭ ėnt︠s︡iklopedicheskiĭ slovarʹ, 2003:</subfield>
    <subfield code="b">t.p. (S.A. Kasti︠u︡nin) t.p. verso (Sergeĭ Alekseevich Kasti︠u︡nin)</subfield>
  </datafield>
</record>